@inproceedings{NIPS2017_3f5ee243,
 author = {Vaswani, Ashish and Shazeer, Noam and Parmar, Niki and Uszkoreit, Jakob and Jones, Llion and Gomez, Aidan N and Kaiser, \L ukasz and Polosukhin, Illia},
 booktitle = {Advances in Neural Information Processing Systems},
 editor = {I. Guyon and U. Von Luxburg and S. Bengio and H. Wallach and R. Fergus and S. Vishwanathan and R. Garnett},
 pages = {},
 publisher = {Curran Associates, Inc.},
 title = {Attention is All you Need},
 url = {https://proceedings.neurips.cc/paper_files/paper/2017/file/3f5ee243547dee91fbd053c1c4a845aa-Paper.pdf},
 volume = {30},
 year = {2017}
}
@online{daatset,
  title = {Trending YouTube Video Statistics},
  url = {https://www.kaggle.com/datasets/datasnaek/youtube-new/data}
  
}
@online{likespred,
  title = {youtube likes prediction},
  url = {https://www.kaggle.com/code/hetulmehta/youtube-likes-prediction}
  
}
@online{categorypred,
  title = {Youtube Videos Category Prediciton},
  url = {https://www.kaggle.com/code/emirfarukerman/98-accuracy-youtube-videos-category-prediciton}
  
}
@online{likepred3ML,
  title = {YouTube Likes Prediction using 3 ML models},
  url = {https://www.kaggle.com/code/sanketsonu/youtube-likes-prediction-using-3-ml-models}
  
}
